@inproceedings{func-local,
  title={Access analysis-based tight localization of abstract memories},
  author={Oh, Hakjoo and Brutschy, Lucas and Yi, Kwangkeun},
  booktitle={International Workshop on Verification, Model Checking, and Abstract Interpretation},
  pages={356--370},
  year={2011},
  organization={Springer}
}

@inproceedings{sparse,
  title={Design and implementation of sparse global analyses for C-like languages},
  author={Oh, Hakjoo and Heo, Kihong and Lee, Wonchan and Lee, Woosuk and Yi, Kwangkeun},
  booktitle={Proceedings of the 33rd ACM SIGPLAN conference on Programming Language Design and Implementation},
  pages={229--238},
  year={2012}
}

@article{concerto,
  title={Concerto: a framework for combined concrete and abstract interpretation},
  author={Toman, John and Grossman, Dan},
  journal={Proceedings of the ACM on Programming Languages},
  volume={3},
  number={POPL},
  pages={1--29},
  year={2019},
  publisher={ACM New York, NY, USA}
}

@inproceedings{battles,
  title={Battles with false positives in static analysis of JavaScript web applications in the wild},
  author={Park, Joonyoung and Lim, Inho and Ryu, Sukyoung},
  booktitle={2016 IEEE/ACM 38th International Conference on Software Engineering Companion (ICSE-C)},
  pages={61--70},
  year={2016},
  organization={IEEE}
}

@inproceedings{eha,
  title={EventHandler-Based Analysis Framework for Web Apps Using Dynamically Collected States},
  author={Park, Joonyoung and Sun, Kwangwon and Ryu, Sukyoung},
  booktitle={International Conference on Fundamental Approaches to Software Engineering},
  pages={129--145},
  year={2018},
  organization={Springer}
}

@inproceedings{opaque-model,
  title={Automatic Modeling of Opaque Code for JavaScript Static Analysis},
  author={Park, Joonyoung and Jordan, Alexander and Ryu, Sukyoung},
  booktitle={International Conference on Fundamental Approaches to Software Engineering},
  pages={43--60},
  year={2019},
  organization={Springer}
}

@inproceedings{mimic,
  title={Mimic: Computing models for opaque code},
  author={Heule, Stefan and Sridharan, Manu and Chandra, Satish},
  booktitle={Proceedings of the 2015 10th Joint Meeting on Foundations of Software Engineering},
  pages={710--720},
  year={2015}
}

@inproceedings{abstract-gc-counting,
  title={Improving flow analyses via $\Gamma$CFA: Abstract garbage collection and counting},
  author={Might, Matthew and Shivers, Olin},
  booktitle={Proceedings of the eleventh ACM SIGPLAN international conference on Functional programming},
  pages={13--25},
  year={2006}
}

@inproceedings{revisit-recency,
  title={Revisiting recency abstraction for JavaScript: towards an intuitive, compositional, and efficient heap abstraction},
  author={Park, Jihyeok and Rival, Xavier and Ryu, Sukyoung},
  booktitle={Proceedings of the 6th ACM SIGPLAN International Workshop on State Of the Art in Program Analysis},
  pages={1--6},
  year={2017}
}

@inproceedings{abs-interp-1977,
  title={Abstract interpretation: a unified lattice model for static analysis of programs by construction or approximation of fixpoints},
  author={Cousot, Patrick and Cousot, Radhia},
  booktitle={Proceedings of the 4th ACM SIGACT-SIGPLAN symposium on Principles of programming languages},
  pages={238--252},
  year={1977}
}

@article{abs-interp-1992,
  title={Abstract interpretation frameworks},
  author={Cousot, Patrick and Cousot, Radhia},
  journal={Journal of logic and computation},
  volume={2},
  number={4},
  pages={511--547},
  year={1992},
  publisher={Oxford University Press}
}

@article{weaklySPE,
  title={Weakly sensitive analysis for JavaScript object-manipulating programs},
  author={Ko, Yoonseok and Rival, Xavier and Ryu, Sukyoung},
  journal={Software: Practice and Experience},
  volume={49},
  number={5},
  pages={840--884},
  year={2019},
  publisher={Wiley Online Library}
}

@article{data-driven,
  title={Data-driven context-sensitivity for points-to analysis},
  author={Jeong, Sehun and Jeon, Minseok and Cha, Sungdeok and Oh, Hakjoo},
  journal={Proceedings of the ACM on Programming Languages},
  volume={1},
  number={OOPSLA},
  pages={100},
  year={2017},
  publisher={ACM}
}

@article{value-refinement,
  title={Static analysis with demand-driven value refinement},
  author={Stein, Benno and Nielsen, Benjamin Barslev and Chang, Bor-Yuh Evan and M{\o}ller, Anders},
  journal={Proceedings of the ACM on Programming Languages},
  volume={3},
  number={OOPSLA},
  pages={1--29},
  year={2019},
  publisher={ACM New York, NY, USA}
}

@inproceedings{correlation,
  title={Correlation tracking for points-to analysis of JavaScript},
  author={Sridharan, Manu and Dolby, Julian and Chandra, Satish and Sch{\"a}fer, Max and Tip, Frank},
  booktitle={European Conference on Object-Oriented Programming},
  pages={435--458},
  year={2012},
  organization={Springer}
}

@inproceedings{determinacy-jQuery,
  title={Determinacy in static analysis for jQuery},
  author={Andreasen, Esben and M{\o}ller, Anders},
  booktitle={Proceedings of the 2014 ACM International Conference on Object Oriented Programming Systems Languages \& Applications},
  pages={17--31},
  year={2014}
}

@inproceedings{string,
  title={String analysis for dynamic field access},
  author={Madsen, Magnus and Andreasen, Esben},
  booktitle={International Conference on Compiler Construction},
  pages={197--217},
  year={2014},
  organization={Springer}
}

@inproceedings{regex,
  title={Precise and scalable static analysis of jQuery using a regular expression domain},
  author={Park, Changhee and Im, Hyeonseung and Ryu, Sukyoung},
  booktitle={Proceedings of the 12th Symposium on Dynamic Languages},
  pages={25--36},
  year={2016}
}

@inproceedings{combining-string,
  title={Combining string abstract domains for JavaScript analysis: an evaluation},
  author={Amadini, Roberto and Jordan, Alexander and Gange, Graeme and Gauthier, Fran{\c{c}}ois and Schachte, Peter and S{\o}ndergaard, Harald and Stuckey, Peter J and Zhang, Chenyi},
  booktitle={International Conference on Tools and Algorithms for the Construction and Analysis of Systems},
  pages={41--57},
  year={2017},
  organization={Springer}
}

@inproceedings{lsaECOOP,
  title={Scalable and precise static analysis of JavaScript applications via loop-sensitivity},
  author={Park, Changhee and Ryu, Sukyoung},
  booktitle={29th European Conference on Object-Oriented Programming (ECOOP 2015)},
  year={2015},
  organization={Schloss Dagstuhl-Leibniz-Zentrum fuer Informatik}
}

@article{lsaSPE,
  title={Static analysis of JavaScript libraries in a scalable and precise way using loop sensitivity},
  author={Park, Changhee and Lee, Hongki and Ryu, Sukyoung},
  journal={Software: Practice and Experience},
  volume={48},
  number={4},
  pages={911--944},
  year={2018},
  publisher={Wiley Online Library}
}

@inproceedings{weaklyAPLAS,
  title={Weakly sensitive analysis for unbounded iteration over JavaScript objects},
  author={Ko, Yoonseok and Rival, Xavier and Ryu, Sukyoung},
  booktitle={Asian Symposium on Programming Languages and Systems},
  pages={148--168},
  year={2017},
  organization={Springer}
}

@InProceedings{value-partitioning,
  author =       {Benjamin Barslev Nielsen and Anders M\o{}ller},
  title =        {Value Partitioning: A Lightweight Approach to Relational Static Analysis for {JavaScript}},
  booktitle =    {Proc. 34th European Conference on Object-Oriented Programming (ECOOP)},
  year =         {2020},
  month =        {July},
}
